@misc{securityhistory,
	title = "The history of the alarm system",
	note = "[Online; accessed April 10, 2017]" ,
	howpublished = "\\{}\url{https://www.abus.com/eng/Guide/Break-in-protection/Alarm-systems/History-of-the-alarm-system}"
}
