@book{testRef,
	author  = "Michael J. Roberts",
	title   = "Signals and Systems: Analysis Using Transform Methods and MATLAB",
 	year      = "2012"
}

@misc{FrequencyResponses,
	author = "Alessio Damato",
	title = "Electronic Linear Filters",
	year = "2006",
	note = "[Online; accessed April 04, 2016; CC BY-SA 3.0]" ,
	howpublished = "\\{}\url{https://commons.wikimedia.org/w/index.php?curid=427738}"
}

@book{OwenPSP,
	author  = "Mark Owen",
	title   = "Practical signal processing",
 	publisher = "Cambridge University Press",
	year      = "2007"
}



@misc{z1,
	title = "Zolertia Z1",
	note = "[Online; accessed April 10, 2017]" ,
	howpublished = "\\{}\url{http://zolertia.io/z1}"
}

@misc{contiki,
	title = "Contiki Operating System",
	note = "[Online; accessed April 10, 2017]" ,
	howpublished = "\\{}\url{http://www.contiki-os.org/}"
}

@misc{safewise,
	title = "Safewise",
	note = "[Online; accessed April 10, 2017]" ,
	howpublished = "\\{}\url{http://www.safewise.com/home-security-faq/is-home-security-worth-it}"
}
